@book{koza92,
		author    = "Koza, John R.",
		title     = "Genetic Programming: On the Programming of Computers by Means of Natural Selection",
		publisher = "MIT Press",
		year      = "1992"
}


@misc{ wiki:latex,
       author = "Wikipedia",
       title = "LaTeX --- Wikipedia{,} La enciclopedia libre",
       year = "2015",
       url = "https://es.wikipedia.org/w/index.php?title=LaTeX&oldid=84209252",
       note = "[Internet; descargado 30-septiembre-2015]"
}

@book{lutz2001programming,
  title={Programming python},
  author={Lutz, Mark},
  year={2001},
  publisher={ O'Reilly Media, Inc. }
}

@book{dwyer2017flask,
  title={Flask: building python web services},
  author={Dwyer, Gareth and Aggarwal, Shalabh and Stouffer, Jack},
  year={2017},
  publisher={Packt Publishing}
}