@book{koza92,
		author    = "Koza, John R.",
		title     = "Genetic Programming: On the Programming of Computers by Means of Natural Selection",
		publisher = "MIT Press",
		year      = "1992"
}

@book{potter1,
		author    = "Rowling, J.K.",
		title     = "Harry Potter and the Philosopher's Stone",
		publisher = "Bloomsbury",
		year      = "1997"
}

@misc{ wiki:latex,
       author = "Wikipedia",
       title = "LaTeX --- Wikipedia{,} La enciclopedia libre",
       year = "2015",
       howpublished = {\url{https://es.wikipedia.org/w/index.php?title=LaTeX&oldid=84209252}},
       note = "[Internet; descargado 30-septiembre-2015]"
}




@misc{devlin2019bert,
      title={BERT: Pre-training of Deep Bidirectional Transformers for Language Understanding}, 
      author={Jacob Devlin and Ming-Wei Chang and Kenton Lee and Kristina Toutanova},
      year={2019},
      eprint={1810.04805},
      archivePrefix={arXiv},
      primaryClass={cs.CL},
      url          = {https://arxiv.org/abs/1810.04805},
}

@misc{BertSentimentModel1,
  author       = {nlptown},
  howpublished = {Hugging Face},
  title        = {Modelo especializado en analizar sentimientos en comentarios de usuario},
  year         = {2023},
  url          = {https://huggingface.co/nlptown/bert-base-multilingual-uncased-sentiment},
}
@misc{vaswani2023attention,
      title={Attention Is All You Need}, 
      author={Ashish Vaswani and Noam Shazeer and Niki Parmar and Jakob Uszkoreit and Llion Jones and Aidan N. Gomez and Lukasz Kaiser and Illia Polosukhin},
      year={2023},
      eprint={1706.03762},
      archivePrefix={arXiv},
      primaryClass={cs.CL},
      url          = {https://arxiv.org/abs/1706.03762},
}

@misc{UrdanetaTransformers,
  author       = {Lino Alberto Urdaneta Fernández},
  howpublished = {Medium},
  title        = {Análisis de sentimientos en español con seis líneas de código},
  year         = {2021},
  url          = {https://medium.com/qu4nt/an%C3%A1lisis-de-sentimientos-en-espa%C3%B1ol-con-seis-l%C3%ADneas-de-c%C3%B3digo-2d21cf82b7b4},
}

@misc{NLTK2,
  author       = {Angelica Landazabal},
  howpublished = {Platzi},
  title        = {Realiza un análisis de sentimiento en 3 pasos con python},
  year         = {2020},
  url          = {https://platzi.com/tutoriales/1874-python-lenguaje-natural/5654-realiza-un-analisis-de-sentimiento-en-3-pasos-con-python/},
}

@misc{Sentinel1,
  author       = "Zoe Calvo",
  howpublished = "TFG Universidad de Burgos",
  title        = "TFG",
  year         = "2020",
  url          = "https://github.com/ZoeCalvo/Sentinel",
}

@misc{scikit-learn-sentiment1,
  author       = {Perfecto Vidal Lloret},
  howpublished = {http://elcodigoperfecto.blog},
  title        = {Análisis de sentimientos con scikit-learn.},
  year         = {2023},
  url          = {https://elcodigoperfecto.blog/2023/07/17/domina-el-analisis-de-sentimientos-en-python-con-scikit-learn-clasifica-textos-como-un-experto-con-nuestra-guia-paso-a-paso/},
}

@misc{nlp1,
url          = {https://planetachatbot.com/proyectos-analisis-sentimientos-github-nlp/},
author       = {Mrinal Walia},
title={Los 5 mejores (y desconocidos) proyectos de análisis de sentimientos en Github para proyectos de NLP},
year = {2021}
}

@misc{chatgpt1,
url          = {https://chat.openai.com/},
author = {OpenAI},
title   = {Chat GPT},
year={2023}
}

@book{NLTK1,
  author         = {Bird, Steven, Edward Loper and Ewan Klein},
  publisher      = {O’Reilly Media Inc.},
  title          = {Natural Language Processing with Python},
  year           = {2009},
  url            = {https://nltk.org}
}

@book{lutz2001programming,
  title={Programming python},
  author={Lutz, Mark},
  year={2001},
  publisher={ "O'Reilly Media, Inc."}
}

@book{dwyer2017flask,
  title={Flask: building python web services},
  author={Dwyer, Gareth and Aggarwal, Shalabh and Stouffer, Jack},
  year={2017},
  publisher={Packt Publishing}
}
@article{burch2010django,
  title={Django, a web framework using python: Tutorial presentation},
  author={Burch, Carl},
  journal={Journal of Computing Sciences in Colleges},
  volume={25},
  number={5},
  pages={154--155},
  year={2010},
  publisher={Consortium for Computing Sciences in Colleges}
}
@article{bayer2012sqlalchemy,
  title={SQLAlchemy},
  author={Bayer, Michael and Brown, A and Wilson, G},
  journal={The architecture of open source applications},
  volume={2},
  pages={291--314},
  year={2012}
}
@misc{metallamaLM,
title={Llama: open and efficient foundation language models},
author={Meta AI},
url = {https://research.facebook.com/publications/llama-open-and-efficient-foundation-language-models/},
}

@misc{gerganovllamaCpp,
author={Grigori Gerganov},
title = {"Llama.Cpp"},
url={"https://github.com/ggerganov/llama.cpp"}
}

@book{juba2015learning,
  title={Learning PostgreSQL},
  author={Juba, Salahaldin and Vannahme, Achim and Volkov, Andrey},
  year={2015},
  publisher={Packt Publishing Ltd}
}

@book{fowler2012patterns,
  title={Patterns of Enterprise Application Architecture: Pattern Enterpr Applica Arch},
  author={Fowler, Martin},
  year={2012},
  publisher={Addison-Wesley}
}

@misc{white2023prompt,
      title={A Prompt Pattern Catalog to Enhance Prompt Engineering with ChatGPT}, 
      author={Jules White and Quchen Fu and Sam Hays and Michael Sandborn and Carlos Olea and Henry Gilbert and Ashraf Elnashar and Jesse Spencer-Smith and Douglas C. Schmidt},
      year={2023},
      eprint={2302.11382},
      archivePrefix={arXiv},
      primaryClass={cs.SE},
      url          = {https://arxiv.org/abs/2302.11382v1}
}

@misc{dipalma2023evaluating,
      title={Evaluating ChatGPT as a Recommender System: A Rigorous Approach}, 
      author={Dario Di Palma and Giovanni Maria Biancofiore and Vito Walter Anelli and Fedelucio Narducci and Tommaso Di Noia and Eugenio Di Sciascio},
      year={2023},
      eprint={2309.03613},
      archivePrefix={arXiv},
      primaryClass={cs.IR},
      url          = {https://arxiv.org/abs/2309.03613v1}
}
@article{mirchandani2023large,
  title={Large language models as general pattern machines},
  author={Mirchandani, Suvir and Xia, Fei and Florence, Pete and Ichter, Brian and Driess, Danny and Arenas, Montserrat Gonzalez and Rao, Kanishka and Sadigh, Dorsa and Zeng, Andy},
  journal={arXiv preprint arXiv:2307.04721},
  year={2023}
}
